
% Overall Analog Synthesis
@INPROCEEDINGS{Design_Eq_Modeling_Survey, 
  author    = {T. McConaghy and G. Gielen}, 
  booktitle = {IEEE International Symposium on Circuits and Systems},     
  title   = {Analysis of Simulation-Driven Numerical Performance Modeling Techniques for Application to Analog Circuit Optimization}, 
  year    = {2005}, 
  month   = {}, 
  volume={2}, 
  pages   = {1298--1301}, 
}

@INPROCEEDINGS{PAGE_DATE2013,
  author    = "Po-Cheng Pan and Hung-Ming Chen and Chien-Chih Lin",
  booktitle = "Design, Automation \& Test in Europe",
  title     = "{P}{A}{G}{E}: Parallel Agile Genetic Exploration towards Utmost Performance for Analog Circuit Design",
  year      = "2013",
  month     = mar,
  pages     = "1849 - 1854",
}


@INPROCEEDINGS{PerfTradeoff_DAC2003, 
  author  = {G. Stehr and H. Graeb and K. Antreich K.}, 
  booktitle = {ACM/IEEE Design Automation Conference}, 
  title   = {Performance Trade-Off Analysis of Analog Circuits by Normal-Boundary Intersection}, 
  year    = {2003}, 
  month = {}, 
  volume={}, 
  number={}, 
  pages = {958--963}, 
  keywords={}, 
  doi={10.1109/DAC.2003.1219159}, 
  ISSN={}
}
@INPROCEEDING{LarsHedrich_DATE2012,
  author    = "Markus Meissner and Oliver Mitea and Linda Luy and Lars Hedrich",
  booktitle = "Design, Automation and Test in Europe",
  title   = {Fast Isomorphism Testing for a Graph-based Analog Circuit Synthesis Framework},
  year    = "2012",
  month = {},
  volume  = {}, 
  number  = {}, 
  pages = {757--762},
  keywords  = {}, 
  doi   = {10.1109/DAC.2003.1219159}, 
  ISSN    = {}
}


%Topology Generation
@ARTICLE{IPTopoSel_TCAD1995, 
  author    = {P. Maulik and L. Carley and R. Rutenbar}, 
  title   = {Integer Programming Based Topology Selection of Cell-Level Analog Circuits},   
  journal   = {IEEE Transactions on Computer-Aided Design of Integrated Circuits and Systems},  
  volume = {14},
  year    = {1995}, 
  month   = {Apr.}, 
  number    = {4}, 
  pages   = {401--412}, 
  doi={10.1109/43.372366}, 
  ISSN={}
}
@INPROCEEDINGS{TopoSel_ICCAD2008, 
  author    = {T. McConaghy and P. Palmers and G. Gielen and M. Steyaert}, 
  booktitle = {IEEE/ACM International Conference on Computer-Aided Design},   
  title   = {Automated {E}xtraction of {E}xpert {K}nowledge in {A}nalog {T}opology {S}election and {S}izing}, 
  year    = {2008}, 
  month   = {}, 
  volume    = {},
  pages   = {392--395}, 
  keywords={}, 
  doi={}, 
  ISSN={}
}

%Sizing Strategy
@ARTICLE{MARS_TCAD2012, 
  author     =   {Michael Eick and Helmut E. Graeb}, 
  journal    =   {IEEE Transactions on Computer-Aided Design of Integrated Circuits and Systems}, 
  title      =   {{M}{A}{R}{S}: Matching-Driven Analog Sizing}, 
  volume     =   {31}, 
  year       =   {2012}, 
  month      =   {Aug.}, 
  number     =   {8}, 
  pages      =   {1145--158},
  doi={10.1109/TCAD.2012.2190069}, 
  ISSN={}
}

@INPROCEEDINGS{Template_Based_Parasitic_Aware_Layout,
  author     =   "N. Jangkrajarng and L. Zhang and  S. Bhattacharya and N. Kohagen and C.-J. R. Shi",
  booktitle  =   "IEEE/ACM International Conference on Computer-Aided Design",
  title      =   "Template-Based Parasitic-Aware Optimization and Retargeting of Analog and RF Integrated Circuit Layouts",
  year       =   "2006",
  month      =   nov,
  pages      =   "342---348"
}




%% Optimization Methods%%%
@INPROCEEDINGS{PWL_Convex_GP, 
  author    = {J. Kim and J. Lee and L. Vandenberghe and C.-K. K. Yang}, 
  booktitle = {IEEE/ACM International Conference on Computer-Aided Design},     
  title   = {Techniques for Improving the Accuracy of Geometric-Programming Based Analog Circuit Design Optimization}, 
  year    = {2004}, 
  month   = {}, 
  volume    = {},
  pages   = {863--870}, 
  doi={}, 
  ISSN={} 
}
@INPROCEEDINGS{Eeckelaert_DATE2003, 
  author    = {T. Eeckelaert and W. Daems and G. Gielen and W. Sansen}, 
  booktitle = {Design, Automation and Test in Europe Conference and Exhibition},    
  title   = {Generalized Posynomial Performance Modeling}, 
  year    = {2003}, 
  month   = {}, 
  volume = {},
  pages   = {250--255}, 
  doi={}, 
  ISSN={} 
}

@INPROCEEDINGS{Daems_DAC2002, 
  author    = {W. Daems and G. Gielen and W. Sansen}, 
  booktitle = {ACM/IEEE Design Automation Conference},    
  title     = {An Efficient Optimization-Based Technique to Generate Posynomial Performance Models for Analog Integrated Circuits}, 
  year      = {2002}, 
  month     = {}, 
  volume    = {},
  pages     = {431-436}, 
}


@INPROCEEDINGS{PosyModel_DAC2002, 
  author    = {W. Daems and G. Gielen and W. Sansen}, 
  booktitle = {ACM/IEEE Design Automation Conference}, 
  title     = {An efficient optimization-based technique to generate posynomial performance models for analog integrated circuits}, 
  year      = {2002}, 
  month     = jun,  
  pages     = {431 -436}, 
}

@INPROCEEDINGS{SDNPM_DATE2005, 
  author    = {T. McConaghy and G. Gielen}, 
  booktitle = {IEEE International Symposium on Circuits and Systems},     
  title     = {Analysis of simulation-driven numerical performance modeling techniques for application to analog circuit optimization}, 
  year      = {2005}, 
  month     = may, 
  pages     = {1298-1301}, 
}

%%%%%%%%%%%%%%%%%%%%%%%%%%%%%%%%%%%%%%%%%%%%%

% Geometric Programming
@INPROCEEDINGS{CoOptmize_Kim_ICCAD2007, 
  author    = {J. Kim and R. Jhaveri and J. Woo and C.-K. K. Yang}, 
  booktitle = {IEEE/ACM International Conference on Computer-Aided Design},     
  title   = {Device-circuit co-optimization for mixed-mode circuit design via geometric programming}, 
  year    = {2007}, 
  month   = nov, 
  pages   = {470-475}, 
}
@INPROCEEDINGS{GP_L_CKT, 
  author    = {M. Hershenson and S. Mohan and S. Boyd and T. Lee}, 
  booktitle = {IEEE/ACM International Conference on Computer-Aided Design},     
  title   = {Optimization of Inductor Circuits via Geometric Programming}, 
  year    = {1999}, 
  month   = {}, 
  volume = {},
  pages   = {994-998}, 
  doi={}, 
  ISSN={} 
}
@INPROCEEDINGS{GP_LCOSC, 
  author    = {M. Hershenson and A. Hajimiri and S. Mohan, S. Boyd and T. Lee}, 
  booktitle = {IEEE/ACM International Conference on Computer-Aided Design},     
  title   = {Design and Optimization of LC Oscillators}, 
  year    = {1999}, 
  month   = {}, 
  volume = {},
  pages   = {65-69}, 
  doi={}, 
  ISSN={} 
}
@INPROCEEDINGS{GP_ADC, 
  author    = {M. Hershenson}, 
  booktitle = {IEEE/ACM International Conference on Computer-Aided Design},     
  title   = {Design of pipeline analog-to-digital converters via geometric programming}, 
  year    = {2002}, 
  month   = {}, 
  volume = {},
  pages   = {317-324}, 
  doi={}, 
  ISSN={}
}
@INPROCEEDINGS{GP_LDO_ASPDAC2009, 
  author    = {S. DasGupta and P. Mandal}, 
  booktitle = {Asia and South Pacific Design Automation Conference},    
  title   = {An Automated Design Approach for CMOS LDO Regulators}, 
  year    = {2009}, 
  month   = jan, 
  volume = {},
  pages   = {510-515}, 
  doi={}, 
  ISSN={}
}
%%%%%%%%%%%%%%%%%%%%%%%%%%%%%%%%%%%%%%%%%%%%%

% Genetic algorithm 
@book{GAS_1989,
  author = {Goldberg, David E},
  title = {Genetic Algorithms in Search, Optimization and Machine Learning},
  year = {1989},
  isbn = {0201157675},
  edition = {1st},
  publisher = {Addison-Wesley Longman Publishing Co., Inc.},
  address = {Boston, MA, USA},
} 

@INPROCEEDINGS{CAFFEINE_DATE2005, 
  author    = {T. McConaghy and T. Eeckelaert and G. Gielen}, 
  booktitle = {Design, Automation and Test in Europe}, 
  title   = {CAFFEINE: Template-Free Symbolic Model Generation of Analog Circuits via Canonical form Functions and Genetic Programming}, 
  year    = {2005}, 
  month   = {}, 
  volume    = {2}, 
  pages   = { 1082 - 1087}, 
  doi={}, 
  ISSN={}
}
@INPROCEEDINGS{DARWIN_DAC1995, 
  author    = {Wim Kruiskamp, Domine Leenaerts}, 
  booktitle = {ACM/IEEE Design Automation Conference}, 
  title   = {DARWIN: CMOS opamp Synthesis by Means of a Genetic Algorithm}, 
  year    = {1995}, 
  volume    = {2},
  pages   = {433 -438}, 
  doi={}, 
  ISSN={}

}

@ARTICLE{SurveyPGA1997,
  author = {Erick Cant√∫-Paz},
  title = {A Survey of Parallel Genetic Algorithms },
  journal = {Calculateurs Parallels},
  year = {1998},
  volume  = {10}
}

@ARTICLE{SurveyDistPGA1997,
 author     = {Alba, Enrique and Troya, Jos{\'e} M.},
 title      = {A survey of parallel distributed genetic algorithms},
 journal    = {Complexity},
 issue_date = {Mar./Apr. 1999},
 volume     = {4},
 number     = {4},
 month      = mar,
 year       = {1999},
 issn       = {1076-2787},
 pages      = {31--52},
 numpages   = {22},
 url        = {http://dx.doi.org/10.1002/(SICI)1099-0526(199903/04)4:4<31::AID-CPLX5>3.3.CO;2-W},
 doi        = {10.1002/(SICI)1099-0526(199903/04)4:4<31::AID-CPLX5>3.3.CO;2-W},
 acmid      = {315495},
 publisher  = {John Wiley \& Sons, Inc.},
 address    = {New York, NY, USA},
}

@INPROCEEDINGS{SurveyCGPGA1994, 
  author    = {Shyh-Chang Lin and William F. Punch III and Goodman, E.D.}, 
  booktitle = {IEEE Symposium on Parallel and Distributed Processing}, 
  title     = {Coarse-grain parallel genetic algorithms: categorization and new approach}, 
  year      = {1994}, 
  pages     = {28-37}, 
  keywords  = {genetic algorithms;parallel algorithms;Injection Island;categorization;coarse-grain parallel genetic algorithms;connection topology;connectivity schemes;graph partitioning problem;migration strategies;premature convergence problem;Adaptive systems;Application software;Circuit testing;Computer science;Convergence;Genetic algorithms;Genetic mutations;Image recognition;Optimization methods;Topology}, 
  doi       ={10.1109/SPDP.1994.346184},
}



@article{MOSA,
  author    = {Balram Suman},
  title     = {Study of Simulated Annealing Based Algorithms for Multiobjective
               Optimization of a Constrained Problem},
  journal   = {Computers \& Chemical Engineering},
  volume    = {28},
  number    = {9},
  year      = {2004},
  pages     = {1849--1871},
  ee        = {http://dx.doi.org/10.1016/j.compchemeng.2004.02.037},
  bibsource = {DBLP, http://dblp.uni-trier.de}
}


%%%%%%%%%%%%%%%%%%%%%%%%%%%%%%%%%%%%%%%%%%%%%
%Hierarchical Structure for Analog synthesis


@INPROCEEDINGS{HybridOpt_MWSCAS2007, 
  author    = {L. Labrak and T. Tixier and Y. Fellah and N. Abouchi}, 
  booktitle = {IEEE International Midwest Symposium on Circuits and Systems}, 
  title     = {A Hybrid Approach for Analog Design Optimization}, 
  year      = {2007}, 
  month     = {}, 
  pages     = {718--721}, 
}
@article {BoxMuller1958AMS,
  author = {Box, G.~E.~P. and Muller, M.~E.},
  title = {A Note on the Generation of Random Normal Deviates},
  journal = {The Annals of Mathematical Statistics},
  volume = {29},
  number = {2},
  year = {1958},
  pages = {610--611},
  
}

@INPROCEEDINGS{EngrandMOSA, 
  author    = {P. Engrand}, 
  booktitle = {International Conference on Nuclear Engineering}, 
  title     = {A Multi-objective Approach Based on Simulated Annealing and Its Application to Nuclear Fuel Management}, 
  year      = {1997}, 
  month     = {}, 
  pages     = {416--423}, 
}

@INPROCEEDINGS{PerfMap_ISQED2011, 
  author    = {Kuo-Hsuan Meng and Po-Cheng Pan and Hung-Ming Chen}, 
  booktitle = {International Symposium on Quality Electronic Design}, 
  title   = {Integrated Hierarchical Synthesis of Analog/RF Circuits with Accurate Performance Mapping}, 
  year    = {2011}, 
  month   = {}, 
  pages   = {1--8}
}
@ARTICLE{HierModeling_ProIEEE2007, 
  author      = {R.A. Rutenbar and G.G.E. Gielen and Roychowdhury, J.}, 
  journal     = {Proceedings of the IEEE}, 
  title       = {Hierarchical Modeling, Optimization, and Synthesis for System-Level Analog and RF Designs}, 
  year        = {2007}, 
  month       = {March}, 
  volume      = {95}, 
  number      = {3}, 
  pages       = {640--669}, 
  doi={10.1109/JPROC.2006.889371}, 
  ISSN={0018-9219}
}


@INPROCEEDINGS{DAISY_ICCAD2000, 
  author    = {K. Francken and P. Vancorenland and G. Gielen}, 
  booktitle = {IEEE/ACM International Conference on Computer Aided Design},   
  title   = {DAISY: A Simulation-Based High-Level Synthesis Tool for Delta; Sigma; Modulators}, 
  year    = {2000}, 
  month   = {},
  pages   = {188--192}, 
}
@INPROCEEDINGS{NominalYieldArea_AHS2009, 
  author    = {P. Conca and G. Nicosia and G. Stracquadanio and J. Timmis}, 
  booktitle = {NASA/ESA Conference on Adaptive Hardware and Systems}, 
  title     = {Nominal-Yield-Area Trade-off in Automatic Synthesis of Analog Circuits: A Genetic Programming Approach Using Immune-Inspired Operators}, 
  year      = {2009}, 
  month     = {}, 
  pages     = {399--406},
}
%%%%%%%%% Heterogeneous Synthesis

@INPROCEEDINGS{HeteroSyn_DATE2006, 
  author    = {E. Martens and G. Gielen}, 
  booktitle = {Design, Automation and Test in Europe}, 
  title   = {Top-Down Heterogeneous Synthesis of Analog and Mixed-Signal Systems}, 
  year    = {2006}, 
  month   = {}, 
  pages   = {1--6}, 
}
%%%%%%%%%%%%%%%%%%%%%%%%%%%%%%%%%%%%%%%%%%%%%

% Design Migration%%%%%%%%%%%

