
% Strings

@String{ACM_TODAES = "ACM Transaction on Design Automation and Electronic System" }
@String{ICCAD = "International Conference on Computer-Aided Design"}
@String{ISPD = "International Symposium on Physical Design"}
@String{DATE = "Design, Automation and Testing in Europe"}
@String{ISQED = "International Symposium on Quality Electronic Design"}
@String{ICM = "International Conference on Microelectronics"}
@String{DAC = "Design Automation Conference"}
@String{ASPDAC = "Asia and South Pacific Design Automation Conference"}


% Analog Design

@INPROCEEDINGS{armcp_phWu_iccad12,
	author		= "P.-H Wu and Mark P.-H. Lin and Y.-R. Chen and B.-S. Chou and T.-C. Chen and T.-Y. Ho and B.-D. Liu",
	booktitle	= ICCAD,
	title		= "Performance-drive Analog Placement Considering Monotonic Current Paths",
	year		= "2012",
  month   =  nov,
	pages     = "613---619"
}

@inproceedings{rdpaic_cwlin_ispd12,
 	author    = {Cheng-Wu Lin and Cheng-Chung Lu and Jai-Ming Lin and Soon-Jyh Chang},
 	title     = {Routability-driven placement algorithm for analog integrated circuits},
 	booktitle = ISPD,
  month     = mar,
 	year      = {2012},
 	pages     = {71---78},
 	numpages  = {8},
} 

@ARTICLE{aicon_malE_tcad96, 
	author     =	{E. Malavasi and E. Charbon and E. Felt and A. Sangiovanni-Vincentelli}, 
	journal	   =	IEEE_J_CAD,
	title	     =	{Automation of IC layout with analog constraints}, 
	year       =	{1996}, 
	month	     =	aug, 
	volume     =	{15}, 
	number     =	{8}, 
	pages      =	{923---942}, 
}

@INPROCEEDINGS{PAGE_DATE2013,
	author     =	"Po-Cheng Pan and Hung-Ming Chen and Chien-Chih Lin",
	title      = "PAGE: Parallel Agile Genetic Exploration towards Utmost Performance for Analog Circuit Design",
	booktitle	 = DATE,
  month      = mar,
	year       = "2013",
	pages      = "1849---1854"
}

@INPROCEEDINGS{PerfMap_ISQED2011, 
	author   =	{Kuo-Hsuan Meng and Po-Cheng Pan and Hung-Ming Chen}, 
	booktitle=	ISQED, 
	title    =	{Integrated hierarchical synthesis of analog/RF circuits with accurate performance mapping}, 
	year     =	{2011}, 
  month    =  mar,
	pages    =	{1---8}, 
}

@ARTICLE{Massier_TCAD08, 
  author    ={Massier, T. and Graeb, H. and Schlichtmann, U.}, 
  journal   =IEEE_J_CAD, 
  title     ={The Sizing Rules Method for CMOS and Bipolar Analog Integrated Circuit Synthesis}, 
  year      ={2008}, 
  month     =dec, 
  volume    ={27}, 
  number    ={12}, 
  pages     ={2209---2222}, 
  keywords  ={CMOS analogue integrated circuits;bipolar analogue integrated circuits;integrated circuit design;transistor circuits;CMOS analog integrated circuit synthesis;analog circuit synthesis;automatic recognition procedure;bipolar analog integrated circuit synthesis;circuit schematic;hierarchical library;sizing rules method;transistor-pair group;Analog circuits;Analog integrated circuits;CMOS analog integrated circuits;Circuit noise;Circuit synthesis;Circuit topology;Design automation;Equations;Integrated circuit synthesis;Robustness;Analog design;CMOS;analog synthesis;bipolar;circuit sizing;sizing rules}, 
  doi       ={10.1109/TCAD.2008.2006143}, 
  ISSN      ={0278-0070},
}

% LDO Design

@ARTICLE{LDO_JSSC, 
  author    ={Rincon-Mora, G. and Allen, P.E.}, 
  journal   ={IEEE Journal of Solid-State Circuits}, 
  title     ={A low-voltage, low quiescent current, low drop-out regulator}, 
  year      ={1998}, 
  month     =jan, 
  volume    ={33}, 
  number    ={1}, 
  pages     ={36---44}, 
  keywords  ={controllers;power supply circuits;voltage regulators;1 to 1.2 V;18 to 50 mA;23 muA;DC-DC converter;MOS power transistor;battery operation;breakdown voltage;cascaded switching regulators;frequency response;low-voltage low drop-out regulator;noise suppression;portable low power device;power supply system;quiescent current;standalone part;Batteries;Cellular phones;Circuits;DC-DC power converters;Frequency response;Low voltage;Portable computers;Power supplies;Power transistors;Regulators}, 
  doi       ={10.1109/4.654935}, 
  ISSN      ={0018-9200},
}

@INBOOK{ERRAmp_LDO,
  author    = "Phillip E. Allen and Douglas R. Holberg",
  title     = "CMOS Analog Cicuit Design",
  publisher = "Saunders College Publishing HBJ",
  pages     = "299-340",
  year      = "2002",
}

@INPROCEEDINGS{BANDGAP_ICM2010, 
  author    ={Mohieldin, A.N. and Elbahr, H. and Hegazi, E. and Mostafa, M.}, 
  booktitle =ICM, 
  title     ={A low-voltage CMOS bandgap reference circuit with improved power supply rejection}, 
  year      ={2010}, 
  month     = dec, 
  pages     ={343---346}, 
  keywords  ={CMOS integrated circuits;integrated circuit design;low-power electronics;reference circuits;PSR;current 70 muA;feedback loop;improved power supply rejection;low-voltage CMOS bandgap reference circuit;process variations;simulation results;size 130 nm;temperature drifts;theoretical results;voltage 1.2 V;CMOS integrated circuits;Design methodology;Feedback loop;Negative feedback;Photonic band gap;Radio frequency;Switching circuits}, 
  doi       ={10.1109/ICM.2010.5696156},
}


% Routing
@ARTICLE{defer_jackey_tcad10,
  author    =   "J. Z. Yan and Chris Chu",
  journal   =   IEEE_J_CAD, 
  title     =   "De{F}er: Deferred Decision Making Enabled Fixed-Outline Floorplanning Algorithm",
  volume    =   "29",
  month     =   mar,
  number    =		"3",
  year      =   "2010",
  pages     =   "367---381"
}


@INPROCEEDINGS{Pan_CGR_ICCAD2012, 
  author		=	{Po-Cheng Pan and Hung-Ming Chen and Yi-Kan Cheng and Liu, J. and Wei-Yi Hu}, 
  booktitle	=	ICCAD, 
  title			=	{Configurable analog routing methodology via technology and design constraint unification}, 
  year			=	{2012},
  month     = nov,  
  pages 		=	{620---626}, 
}

@inproceedings{Chin_DMR_ICCAD2013,
  author    = {Ching-Yu Chin and Po-Cheng Pan and Hung-Ming Cheng and Tung-Chien Chen and Jou-Chun Lin},
  booktitle =    ICCAD,
  title     = {Efficient Analog Layout Prototyping by Layout Reuse with Routing Preservation},
  year      = {2013},
  month     = nov, 
  pages     = {40---47},
}


@inproceedings{SAPR_DAC13,
  author    = {Ou, Hung-Chih and Chien, Hsing-Chih Chang and Chang, Yao-Wen},
  title     = {Simultaneous Analog Placement and Routing with Current Flow and Current Density Considerations},
  booktitle = DAC,
  year      = {2013},
  month     = jun,
  isbn      = {978-1-4503-2071-9},
  location  = {Austin, Texas},
  pages     = {5:1---5:6},
  articleno = {5},
  numpages  = {6},
  doi       = {10.1145/2463209.2488739},
  acmid     = {2488739},
  keywords  = {analog ICs, physical design, placement, routing},
} 


@ARTICLE{LAYGENII_TCAD13, 
  author    ={Martins, R. and Lourenco, N. and Horta, N.}, 
  Journal   = IEEE_J_CAD, 
  title     ={{L}{A}{Y}{G}{E}{N} {I}{I}-Automatic Layout Generation of Analog Integrated Circuits}, 
  year      ={2013}, 
  month     =nov, 
  volume    ={32}, 
  number    ={11}, 
  pages     ={1641---1654}, 
  keywords  ={analogue integrated circuits;electronic design automation;evolutionary computation;integrated circuit layout;LAYGEN II;analog integrated circuits;automatic layout generation;circuit level structure;design automation tool;evolutionary computation techniques;multiobjective multiconstraint evolutionary algorithm;optimization kernel;template descriptions;Design automation;Generators;Graphical user interfaces;Guidelines;Integrated circuits;Layout;Routing;Analog integrated circuits;Layout Generation;computer aided design;electronic design automation;evolutionary computation}, 
  doi       ={10.1109/TCAD.2013.2269050}, 
  ISSN      ={0278-0070},
}

% Migration

@inproceedings{Bhattacharya_ASPDAC04,
  author    = {Bhattacharya, Sambuddha and Jangkrajarng, Nuttorn and Hartono, Roy and Shi, C-J. Richard},
  title     = {Hierarchical Extraction and Verification of Symmetry Constraints for Analog Layout Automation},
  booktitle = ASPDAC,
  year      = {2004},
  month     = jan,
  pages     = {400---405},
  isbn      = {0-7803-8175-0}
} 

@INPROCEEDINGS{cbc-bhattacharya-dac04,
  author    = "S. Bhattacharya  and N. Jangkrajarng  and  R. Hartono and C.-J. R. Shi",
  booktitle = DAC, 
  title   = "Correct-by-construction layout-centric retargeting of large analog designs",
  year    = "2004",
  month   = jun,
  pages   = "139---144" 
}




@ARTICLE{msc-bhattacharya-tcad06,
  author    = "S. Bhattacharya and N. Jangkrajarng and C.-J. R. Shi ",
  journal   = IEEE_J_CAD, 
  title     = "Multilevel symmetry-constraint generation for retargeting large analog layouts",
  year      = "2006",
  volume    = {25}, 
  number    = {6}, 
  month     = jun,
  pages     = "945---960" 
}

@article{Zhang_TCAD08,
  author      = {Zhang, Lihong and Jangkrajarng, N. and Bhattacharya, S. and Shi, C. -J.R.},
  title       = {Parasitic-Aware Optimization and Retargeting of Analog Layouts: A Symbolic-Template Approach},
  journal     = IEEE_J_CAD,
  issue_date  = {May 2008},
  volume      = {27},
  number      = {5},
  month       = may,
  year        = {2008},
  issn        = {0278-0070},
  pages       = {791---802},
  numpages    = {12},
  doi         = {10.1109/TCAD.2008.917594},
  acmid       = {2302001},
  publisher   = {IEEE Press},
  address     = {Piscataway, NJ, USA},
  keywords    = {Analog integrated circuits (ICs), IC layout, layout automation, layout parasitics, performance, retargeting},
} 


@INPROCEEDINGS{LayoutRetarg_Liu_ASPDAC2010, 
  author    ={Zheng Liu and Lihong Zhang}, 
  booktitle =ASPDAC, 
  title     ={A performance-constrained template-based layout retargeting algorithm for analog integrated circuits}, 
  year      ={2010}, 
  month     =jan, 
  pages     ={293---298}, 
}

@article{Wang_ALRGP_TODAES2011,
  author = {Wang, Shaoxi and Jia, Xinzhang and Yeh, Arthur B. and Zhang, Lihong},
  title = {Analog Layout Retargeting Using Geometric Programming},
  journal = ACM_TODAES,
  issue_date = {October 2011},
  volume = {16},
  number = {4},
  month = oct,
  year = {2011},
  issn = {1084-4309},
  pages = {50:1---50:11},
  articleno = {50},
  numpages = {11},
  doi = {10.1145/2003695.2003710},
  acmid = {2003710},
  publisher = {ACM},
  address = {New York, NY, USA},
  keywords = {Geometric Programming, Global optimization, layout, retargeting, transformation},
} 


@INPROCEEDINGS{adm-dessouky-icecs-09, 
	author		=	"Dessouky, M.", 
	booktitle	=	"International Conference on Electronics, Circuits, and Systems", 
	title		=	"Analog design migration: An overview", 
	year		=	"2009", 
	pages	=	"992---995" 
}


@INPROCEEDINGS{cart-hammouda-dac06,
	author		=	"S. Hammouda and H. Said and M. Dessouky and M. Tawfik and Q. Nguyen and W. Badawy and H. Abbas and H. Shahein",
	booktitle	=	DAC, 
	title		=	"Chameleon ART: a non-optimization based analog design migration framework",
	year		=	"2006",
  month   = jun,
	pages		=	"885---888" 
}




@ARTICLE{apsymisland-phlin-tcad09, 
	author		=	{Po-Hung Lin and Yao-Wen Chang and Shyh-Chang Lin}, 
	journal		=	IEEE_J_CAD,
	title		=	{Analog Placement Based on Symmetry-Island Formulation}, 
	year		=	{2009}, 
	month		=	jun, 
	volume		=	{28}, 
	number		=	{6}, 
	pages		=	{791---804}, 
}

@INPROCEEDINGS{ALP_YPWeng_iccad2011,
  author      = "Y.-P. Weng and H.-M. Chen and T.-C. Chen and P.-C. Pan and C.-H. Chen and W.-Z. Chen",
  booktitle   = ICCAD,
  title       = "Fast Analog Layout Prototyping for Nanometer Design Migration",
  year        = "2011",
  month       = nov,
  pages       = {517---522},
}

% Analog Routing



@ARTICLE{KOAN_ANAGRAMII-JSSC1991, 
	author		=	{J.M. Cohn and D.J. Garrod and R.A. Rutenbar and L.R. Carley}, 
	journal		=	IEEE_J_JSSC, 
	title		=	{KOAN/{A}{N}{A}{G}{R}{A}{M} {I}{I}: new tools for device-level analog placement and routing}, 
	year		=	{1991}, 
	month		=	mar, 
	volume		=	{26}, 
	number		=	{3},
	pages		=	{330---342}, 
}

@INPROCEEDINGS{ppraic_Linfu_iccad2010, 
	author   =	{E.F.Y. Linfu Xiao and Young and Xiaoyong He and K.P. Pun}, 
	booktitle=	ICCAD, 
	title		 =	{Practical placement and routing techniques for analog circuit designs}, 
	year     =	{2010}, 
  month    = nov,
	pages    =	{675---679}, 
}

@ARTICLE{cbcrams_UChoudhury_tcad93, 
	author		=	{U. Choudhury and A. Sangiovanni-Vincentelli}, 
	journal		=	IEEE_J_CAD,
	title			=	{Constraint-based channel routing for analog and mixed analog/digital circuits}, 
	year			=	{1993}, 
	month			=	apr, 
	volume		=	{12}, 
	number		=	"4", 
	pages			=	{497---510},
}
@INPROCEEDINGS{ermams_MMOzdal_tcad09, 
	author		=	{M.M. Ozdal and R.F. Hentschke}, 
	booktitle	=	ICCAD, 
	title		=	{Exact route matching algorithms for analog and mixed signal integrated circuits}, 
	year		=	{2009}, 
  month   = nov,
	pages		=	{231---238},
}

@INPROCEEDINGS{draemams_QGao_isqed11, 
	author		=	{Qiang Gao and Hailong Yao and Qiang Zhou and Yici Cai}, 
	booktitle	=	ISQED, 
	title		=	{A novel detailed routing algorithm with exact matching constraint for analog and mixed signal circuits}, 
	year		=	{2011}, 
  month   = mar,
	pages		=	{1--6}, 
}

@inproceedings{numarmc_HCOu_dac12,
 	author 		= {Hung-Chih Ou and Hsing-Chih Chang Chien and Yao-Wen Chang},
 	title 		= {Non-uniform multilevel analog routing with matching constraints},
 	booktitle 	= DAC,
 	year 		= {2012},
  month   = jun,
 	pages 		= {549---554},
 } 


 % Algorithm
 @article{Shewchuk200221,
	author 		= 	"Jonathan Richard Shewchuk",
	title 		= 	"Delaunay refinement algorithms for triangular mesh generation",
	journal 	= 	"Computational Geometry",
	volume 		= 	"22",
	number 		= 	"1-3",
	pages 		= 	"21---74",
	year 		  = 	"2002",
}

@article{CDT,
  year      ={1989},
  issn      ={0178-4617},
  journal   ={Algorithmica},
  volume    ={4},
  number    ={1-4},
  doi       ={10.1007/BF01553881},
  title     ={Constrained delaunay triangulations},
  %url={http://dx.doi.org/10.1007/BF01553881},
  publisher ={Springer-Verlag},
  keywords  ={Triangulation; Delaunay triangulation; Constrained triangulation; Algorithm; Voronoi diagram},
  author    ={Paul Chew, L.},
  pages     ={97---108},
  language  ={English}
}

@inproceedings{Xiao_DT_Facial_VIP01,
 author = {Xiao, Yi and Yan, Hong},
 title = {Facial Feature Location with Delaunay Triangulation/Voronoi Diagram Calculation},
 booktitle = {Proceedings of the Pan-Sydney Area Workshop on Visual Information Processing - Volume 11},
 series = {VIP '01},
 year = {2001},
 isbn = {0-909-92589-5},
 location = {Sydney, Australia},
 pages = {103--108},
 numpages = {6},
} 

@electronic{pycell_2012,
  title         = "PyCell Studio, Synopsys",
  url           = "http://www.synopsys.com/Tools/Implementation/CustomImplementation/Pages/pycell-studio.aspx",
  key           = "pycell",
}

@Incollection{PSLG,
  publisher= "CRC Press LLC",
  booktitle= "Algorithms and Theory of Computation Handbook",
  title	="Planar straight-line graph",
  year= "1999",
	
}

