@BOOK{artlayout-Hastings,
      author  =   "A. Hastings",
      title     =   "The Art of Analog Layout",
      publisher   =   "Prentice Hall",
      year    =   "2001"   
}

@BOOK{LP-Luenberger,
      author  =   "L. Luenberger",
      title   =   "Linear and Nonlinear Programming",
      publisher   =   "Addison-Wesley",
      year    =   "1984"   
}

@BOOK{oa,
      title     = "OpenAccess Release 2.2 Standard",
      publisher   =   "Slilcon Integration Initiaive Inc.",
      year    =   "2005"   
}
    
@INPROCEEDINGS{cart-hammouda-dac06,
  author    = "S. Hammouda and H. Said and M. Dessouky and M. Tawfik and Q. Nguyen and W. Badawy and H. Abbas and H. Shahein",
  booktitle = "Design Automation Conference", 
  title   = "Chameleon ART: a non-optimization based analog design migration framework",
  year    = "2006",
  month   = sep,
  pages   = "885---888" 
}

@INPROCEEDINGS{cbc-bhattacharya-dac04,
  author    = "S. Bhattacharya and N. Jangkrajarng and R. Hartono and C.-J. R. Shi",
  booktitle = "Design Automation Conference", 
  title   = "Correct-by-construction layout-centric retargeting of large analog designs",
  year    = "2004",
  pages   = "139---144" 
}

@INPROCEEDINGS{apnsi-pohung-dac07, 
  author    = "P.-H. Lin and P.-C. Lin", 
  booktitle = "Design Automation Conference", 
  title   = "Analog Placement Based on Novel Symmetry-Island Formulation", 
  year    = "2007",
  pages   = "465---470"
}

@ARTICLE{msc-bhattacharya-tcad06,
  author    = "S. Bhattacharya and N. Jangkrajarng and C.-J. R. Shi",
  journal   = IEEE_J_CAD, 
  title   = "Multilevel symmetry-constraint generation for retargeting large analog layouts",
  year    = "2006",
  month   = jun,
  pages   = "945---960" 
}



@INPROCEEDINGS{alr-jang-iscas03, 
  author    = "N. Jangkrajarng and S. Bhattacharya and R. Hartono and C.-J. R. Shi", 
  booktitle = "International Symposium on Circuits and Systems", 
  title   = "Automatic analog layout retargeting for new processes and device sizes", 
  year    = "2003", 
  volume    = "4",
  pages   = "IV-704---IV-707" 
}

@INPROCEEDINGS{msrf-jang-aspdac04, 
  author  = "N. Jangkrajarng and S. Bhattacharya and R. Hartono and C.-J. R. Shi", 
  booktitle = "Asia and South Pacific Design Automation Conference", 
  title   = "Multiple specifications radio-frequency integrated circuit design with automatic template-driven layout retargeting", 
  year    = "2004", 
  month = "oct",
  pages = "394---399" 
}

@ARTICLE{pao-zhang-tcad08,
  author    = "Lihong Zhang and N. Jangkrajarng and S. Bhattacharya and  C.-J. R. Shi",
  journal   = IEEE_J_CAD, 
  title   = "Parasitic-Aware Optimization and Retargeting of Analog Layouts: A Symbolic-Template Approach",
  volume    = "27",
  month   = "may",
  year    = "2008",
  pages   = "791---802" 
}

@INPROCEEDINGS{csm-batterywala-isqed08,
  author  = "S. H. Batterywala and S. Bhattacharya and S. Rajagopalan and H.-K. T.  Ma and N. V. Shenoy",
  booktitle = "International Symposium on Quality Electronic Design", 
  title   = "Cell Swapping Based Migration Methodology for Analog and Custom Layouts",
  year    = "2008",
  pages = "450---455" 
}


@ARTICLE{defer-jackey-tcad10,
  author  = "J. Z.  Yan, and C. Chu",
  journal = IEEE_J_CAD, 
  title   = "De{F}er: Deferred Decision Making Enabled Fixed-Outline Floorplanning Algorithm",
  volume  = "29",
  month = mar,
  year    = "2010",
  pages = "367---381"
}

@INPROCEEDINGS{orws-tang-aspdac05,
  author    = "X. P. Tang and R. Q. Tian and M. D. F. Wong",
  booktitle = "Asia and South Pacific Design Automation Conference", 
  title   = "Optimal redistribution of white space for wire length minimization",
  year    = "2005",
  pages   = "412---417"
}

@ARTICLE{srm-massier-tcad08,
  author    = "T. Massier and H. Graeb and U. Schlichtmann",
  journal   = IEEE_J_CAD, 
  title   = "The Sizing Rules Method for {CMOS} and Bipolar Analog Integrated Circuit Synthesis",
  volume    = "27",
  month   = dec,
  year    = "2008",
  pages   = "2209---2222" 
}

@INPROCEEDINGS{adm-dessouky-icecs-09, 
  author    = "M. Dessouky", 
  booktitle = "International Conference on Electronics, Circuits, and Systems", 
  title   = "Analog design migration: An overview", 
  year    = "2009", 
  pages   = "992---995" 
}

@Misc{oaEDA,
  howpublished = "\url{ http://OpenEDA Si2.org}"
}

@INPROCEEDINGS{palpndg-iccad2011,
  author    = "Y.-P. Weng and H.-M. Chen and T.-C. Chen and P.-C. Pan and C.-H. Chen and W.-Z. Chen",
  booktitle = "International Conference on Computer-Aided Design",
  title   = "Fast Analog Layout Prototyping for Nanometer Design Migration",
  year    = "2011",
  month   = nov,
  pages   = {517 - 522},
}